@Article{hodnebrog13:_global_RG,
  author =	 {{\O} Hodnebrog and others},
  title =	 {Global warming potentials and radiative efficiencies
                  of halocarbons and related compounds: A
                  comprehensive review},
  journal =	 RG,
  year =	 2013,
  volume =	 51,
  pages =	 {300--378},
  doi =		 {10.1002/rog.20013}
}

