%
% In our bibtex files journal names are given as acronyms, for 
% example, GRL for Geophysical Research Letters.
%
% This file defines the conversion between these acronyms and 
% abbreviated journal names.
%
% This file should be the default choice but the conversion to 
% full journal names is found in the file journals.full. 
%
% To use abbreviated journal names, put:
%
%   \input{journals.abbr}
%
% at the start of the bibtex file. To use full journal names, use
%
%   \input{journals.full}
%
% Please add new journals to these files when needed (in both 
% files!). The same acronym shall of course be used in journal.abbr 
% and journal.full.
%

@string{A       = {Atmosf.}}
@string{AA      = {A\&A}}
@string{AASS    = {Astronomy \& Astrophysics Suppl. S.}}
@string{ACA     = {Acta Astron.}}
@string{ACP     = {Atmos. Chem. Phys.}}
@string{ACPD    = {Atmos. Chem. Phys. Discuss.}}
@string{ACS     = {Atm. Clim. Sci.}}
@string{ADA     = {Adv. Astron.}}
@string{ADGEO   = {Adv. Geosci.}}
@string{AE      = {Atmos. Environ.}}
@string{AG      = {Ann. Geophys.}}
@string{ANJ     = {Astronom. J.}}
@string{AI      = {Acta Inform.}}
@string{AJ      = {Astrophys. J.}}
@string{AJL     = {Astrophys. J. Lett.}}
@string{AJSS    = {Astrophys. J. Suppl. S.}}
@string{AL      = {Astrophys. J.}}
@string{AJP     = {Am. J. Phys.}}
@string{AM      = {Ann. Met.}}
@string{AMM     = {Aus. Met. Mag.}}
@string{AMT     = {Atmos. Meas. Tech.}}
@string{AMTD    = {Atmos. Meas. Tech. Discuss.}}
@string{AO      = {Appl. Opt.}}
@string{AOP     = {Atmos. Oce. Phy.(engl. transl.)}}
@string{APL     = {Appl. Phys. Lett.}}
@string{AR      = {Atmos. Res.}}
@string{AREE    = {Annu. Rev. Energy Environ.}}
@string{ARPC    = {Annu. Rev. Phys. Chem.}}
@string{AS      = {Am. Sci.}}
@string{ASL     = {Atm. Sci. Lett.}}
@string{ASP     = {Appl. Sign. Proc.}}
@string{ASR     = {Adv. Space. Res.}}
@string{AST     = {Aerosol Sci. Technol.}}
@string{ATOC    = {Atmos. -- Oce.}}

@string{BAMS    = {Bull. Amer. Met. Soc.}}
@string{BAS     = {Bull. Atom. Sci.}}
@string{BLM     = {Boun.-Lay. Met.}}
@string{BPA     = {Beitr. Phys. Atm.}}

@string{CC      = {Climate Change}}
@string{CCCR    = {Curr. Clim. Change Rep.}}
@string{CD      = {Climate Dynamics}}
@string{COP 	= {Clim. Past}}
@string{CG      = {Comput. Geosci.}}
@string{CJC     = {Can. J. Chem.}}
@string{CJP     = {Can. J. Phys.}}
@string{CP      = {Contemp. Phys.}}
@string{CPH     = {Chem. Phys.}}
@string{CPL     = {Chem. Phys. Lett.}}
@string{CR      = {Climate Research}}
@string{CRP     = {Comptes Rendus Phys.}}
@string{CS      = {Curr. Sci.}}
@string{CSB     = {Chin. Sci. Bul.}}
@string{CSPH    = {Chemosph.}}
@string{CSR     = {Chem. Soc. Rev.}}

@string{EECT    = {Energy Emiss. Control Technol.}}
@string{EF      = {Earth's Fut.}}
@string{EFM     = {Env. Fluid Mech.}}
@string{EL      = {Elec. Lett.}}
@string{EM      = {Experiment. Math.}}
@string{EMP     = {Earth, Moon and Planets}}
@string{EOS     = {Eos}}
@string{ENN     = {Env. News Net.}}
@string{EPA     = {Earth and Planet. Astrophys.}}
@string{EPJC    = {Eur. Phys. J. Conferences}}
@string{EPJST   = {Eur. Phys. J. Spec. Top.}}
@string{EPS     = {Earth Planets Space}}
@string{ERL     = {Environ. Res. Lett.}}
@string{ESD     = {Earth Syst. Dynamics}}
@string{ESS     = {Earth and Space Sci.}}
@string{ESSD    = {Earth Syst. Sci. Data}}
@string{EST     = {Environ. Sci. Technol.}}
@string{ETA     = {Eos Trans. AGU}}

@string{FES     = {Front. Earth Sci.}}
@string{FIP     = {Front. in Phys.}}

@string{GDJ     = {Geosci. Data J.}}
@string{GJI     = {Geophys. J. Int.}}
@string{GI      = {Geosci. Instr., Methods and Data Syst.}}
@string{GP      = {Geophysica}}
@string{GMD     = {Geosci. Model Dev.}}
@string{GMDD    = {Geosci. Model Dev. Discuss.}}
@string{GRL     = {Geophys. Res. Lett.}}
@string{HESSD   = {Hydrol. Earth Syst. Sci. Discuss.}}
@string{HESS    = {Hydrol. Earth Syst. Sci.}}
@string{IAOP    = {Izv. Atmos. Oce. Phys.}}
@string{ICARUS  = {Icarus}}
@string{IJAEOG  = {Int. J. of Applied Earth Observation and Geoinformation}}
@string{IJC     = {Int. J. Climatol.}}
@string{IJES    = {Int. J. of Earth Sci.}}
@string{IJRS    = {Int. J. Remote Sensing}}
@string{IJRSP   = {Indian J. of Radio \& Space Physics}}
@string{IJIMW   = {Int. J. Inf. Millim. Waves}}
@string{IJSC    = {Int. J. Sat. Comm.}}
@string{IP      = {Infrared Phys.}}
@string{IPT     = {Infrared Phys. \& Tech.}}
@string{I3EGRS  = {IEEE Geosci. Remote Sens.}}
@string{I3EGRSL = {IEEE Geosci. Remote Sens. Let.}}
@string{I3EJOE  = {IEEE J. Oce. Eng.}}
@string{I3EJSTARS = {IEEE J. Sel. Top. Appl. Rem. Sens.}}
@string{I3ETAP  = {IEEE Trans. Antennas Propag.}}
@string{I3ETC   = {IEEE T. Comm.}}
@string{I3ETGE  = {IEEE T. Geosci. Ele.}}
@string{I3ETGRS = {IEEE T. Geosci. Remote}}
@string{I3ETMTT = {IEEE T. Microw. Theory}}
@string{I3ETNN  = {IEEE T. Ne. Netw.}}
@string{I3ETIP  = {IEEE T. Image Proc.}}

@string{JAMES   = {J. Adv. Model. Earth Syst.}}
@string{JAC     = {J. Atmos. Chem.}}
@string{JAES    = {J. Aerosol Sci.}}
@string{JAM     = {J. Appl. Meteorol.}}
@string{JAMC    = {J. Appl. Meteorol. Clim.}}
@string{JAO     = {J. Appl. Opt.}}
@string{JAOT    = {J. Atmos. Oceanic Technol.}}
@string{JAP     = {J. Appl. Phys.}}
@string{JARS    = {J. Appl. Rem. Sens.}}
@string{JAS     = {J. Atmos. Sci.}}
@string{JASTP   = {J. Atm. Sol.-Terr. Phys.}}
@string{JATP    = {J. Atm. Terr. Phys.}}
@string{JAWMA   = {J. Air \& Waste Manage. Assoc.}}
@string{JC      = {J. Climate}}
@string{JH      = {J. Hydrology}}
@string{JCAM    = {J. Clim. Appl. Mete.}}
@string{JCG     = {J. Cryst. Growth}}
@string{JCP     = {J. Chem. Phys.}}
@string{JES     = {J. Earth Simul.}}
@string{JCSFT   = {J. Chem. Soc. Far. Trans.}}
@string{JFM     = {J. Fluid Mech.}}
@string{JG      = {J. Geodesy}}
@string{JGR     = {J. Geophys. Res.}}
@string{JGRa    = {J. Geophys. Res.: Atm.}}
@string{JGRo    = {J. Geophys. Res.: Oceans}}
@string{JGRP    = {J. Geophys. Res.: Planets}}
@string{JIMTW   = {J. Infrared Milli. Terahz Waves}}
@string{JLTP    = {J. Low Temp. Phys.}}
@string{JM      = {J. Meteorol.}}
@string{JMS     = {J. Molec. Struct.}}
@string{JMSL    = {J. Molec. Liqu.}}
@string{JMSp    = {J. Molec. Spectro.}}
@string{JMSJ    = {J. Meteorol. Soc. Jpn.}}
@string{JOA     = {J. Opt. A: Pure Appl. Opt.}}
@string{JOH     = {J. Hydrometeorol.}}
@string{JOSA    = {J. Optical Soc. o. Am.}}
@string{JOSAA   = {J. Optical Soc. o. Am. A}}
@string{JOSAB   = {J. Optical Soc. o. Am. B}}
@string{JOTA    = {J. Opt. Theory and Appl.}}
@string{JPC     = {J. Phys. Chem.}}
@string{JPCA    = {J. Phys. Chem. A}}
@string{JPCM    = {J. Phys.: Condens. Matter}}
@string{JPAGP   = {J. of Phys. A: Gen. Phys.}}
@string{JPAMG   = {J. of Phys. A: Math. Gen.}}
@string{JPESI   = {J. of Phys. E: Sci. Instrum.}}
@string{JCOP    = {J. of Comp. Phys.}}
@string{JCTE    = {J. of Comm. Tech. and Elec.}}
@string{JPIVF   = {J. Phys. IV France}}
@string{JPPA    = {J. Photochem. Photobiol. A: Chem}}
@string{JPO     = {J. Phys. Ocea.}}
@string{JQSRT   = {J. Quant. Spectrosc. Radiat. Transfer}}

@string{MA      = {Met. Appl.}}
@string{MAP     = {Met. Atm. Phys.}}
@string{MBT     = {Met. Bul., Tai.}}
@string{MC      = {Mon. Corr.}}
@string{MM      = {Meteor. Monog.}}
@string{MMS     = {Multiscale Model. Simul.}}
@string{MNRAS   = {Mon. Not. R. Astron. Soc.}}
@string{MP      = {Mol. Phys.}}
@string{MR      = {Met. Rund.}}
@string{MRRSE   = {Micro. Radiat. Rem. Sen. Env.}}
@string{MSSP    = {Mech. Sys. and Sig. Proc.}}
@string{MST     = {Meas. Sci. Technol.}}
@string{MWR     = {Mon. Weather Rev.}}
@string{MZ      = {Met. Zeit.}}

@string{N       = {Nature}}
@string{NCC     = {Nature Clim. Change}}
@string{NCPGH   = {Nat. Clin. Pract. Gastr.}}
@string{NG      = {Nature Geosci.}}
@string{NP      = {Nature Phys.}}
@string{NHESS   = {Nat. Hazards and Earth Syst. Sci}}
@string{NW      = {Naturwissenschaften}}
@string{NWD     = {Nat. Weat. Dig.}}
@string{NPG     = {Nonlin. Processes. Geophys.}}

@string{OE      = {Opt. Express}}
@string{OLE     = {Opt. Las. Eng.g}}
@string{OS      = {Opt. Spectro.}}

@string{P       = {Physics}}
@string{PAC     = {Pure Appl. Chem.}}
@string{PASP    = {Publ. of the Astron. Soc. of Pacific}}
@string{PD      = {Physica D}}
@string{PCE     = {Phys. Chem. Earth}}
@string{PERS    = {Photogr. Eng. and Rem. Sens.}}
@string{PLA     = {Phys. Let. A}}
@string{PMG     = {Papers in Meteorol. and Geophys.}}
@string{PNAS    = {Proc. Nat. Aca. Sci.}}
@string{PPG     = {Prog. Phys. Geog.}}
@string{PPSB    = {Proc. Phys. Soc. B}}
@string{PR      = {Phys. Rev.}}
@string{PRA     = {Phys. Rev. A}}
@string{PRD     = {Phys. Rev. D}}
@string{PRE     = {Phys. Rev. E}}
@string{PRL     = {Phys. Rev. L}}
@string{PRSA    = {Proc. R. Soc. A}}
@string{PRSLA   = {Proc. R. Soc. Lond. A}}
@string{PSPIE   = {Proc. of SPIE}}
@string{PSS     = {Planet. Space Sci.}}
@string{PT      = {Phys. Today}}
@string{PTRSLA  = {Phil. Trans. R. Soc. Lond. A}}
@string{PTRSA   = {Phil. Trans. R. Soc. A}}
@string{PW      = {Phys. World}}
@string{PU      = {Phys. Usp.}}


@string{QJRMS   = {Q. J. R. Meteorol. Soc.}}

@string{RESE    = {Rem. Sens.}}
@string{RG      = {Rev. Geophys.}}
@string{RMP     = {Rev. Mod. Phys.}}
@string{RPP     = {Rep. Prog. Phys.}}
@string{RQE     = {Radiophys. Quant. Elec.}}
@string{RS      = {Radio Sci.}}
@string{RSE     = {Rem. Sen. Env.}}
@string{RSI     = {Rev. Sci. Inst.}}
@string{RSR     = {Rem. Sen. Rev.}}
@string{RSPR    = {Rem. Sen. Po. Reg.}}

@string{S       = {Science}}
@string{SA      = {Scient. Amer.}}
@string{SD      = {Sci. Data}}
@string{SG      = {Sur. Geophy.}}
@string{SOLA    = {Sci. Onl. Let. Atm.}}
@string{SP      = {Sov. Phys. Uspekhi}}
@string{SOP     = {Sol. Phys.}}
@string{SSR     = {Space Sci. Rev.}}
@string{SW      = {Spek. Wissen.}}
@string{SAPAMBS = {Spectro. Acta Part A: Molec. and Biomolec. Spectro.}}

@string{T       = {Tellus}}
@string{TA      = {Tellus A: Dyn. Meteo. and Ocean.}}
@string{TAC     = {Theor. Appl. Climatol.}}
@string{TAO     = {Terr. Atmos. and Ocean. Sci. J.}}
@string{TKDD    = {ACM Trans. on Knowl. Disc. from Data}}
@string{TOMS    = {ACM Trans. on Math. Softw.}}

@string{US      = {Urb. Sci.}}

@string{W       = {Weather}}
@string{WF      = {Weat. and Fore.}}
@string{WIRCC   = {Wiley Interd. Rev.: Climate Change}}
@string{WRR     = {Wat. Res. Res.}}
@string{WRM     = {Waves Rand. Med.}}

@string{Z    	= {Zeit}}

